<?xml version="1.0" encoding="UTF-8"?><collection xmlns="http://www.loc.gov/MARC21/slim"><record><leader>00357nam--2200133-i-4500</leader><controlfield tag="001">000048382</controlfield><controlfield tag="002">20161230</controlfield><controlfield tag="005">20161230201046</controlfield><controlfield tag="008">060222s1000------------r-----000-0-eng-d</controlfield><datafield ind1=" " ind2=" " tag="080"><subfield code="a">621.375.826</subfield></datafield><datafield ind1=" " ind2=" " tag="100"><subfield code="a">Abilsitov,G.A</subfield></datafield><datafield ind1=" " ind2=" " tag="245"><subfield code="a">Moshitye gazorazriadnye co2-lazery i ih promenenie d tehnologhii</subfield></datafield><datafield ind1=" " ind2=" " tag="260"><subfield code="a">Moskva, Izd.Nauka, 1984. 109 P</subfield></datafield><datafield ind1=" " ind2=" " tag="852"><subfield code="a">71834</subfield></datafield></record></collection>